@article{russell1908,
 ISSN = {00029327, 10806377},
 author = {Bertrand Russell},
 journal = {American Journal of Mathematics},
 number = {3},
 pages = {222-262},
 publisher = {Johns Hopkins University Press},
 title = {Mathematical Logic as Based on the Theory of Types},
 volume = {30},
 year = {1908}
}

@article{church1940,
title = "A formulation of the simple theory of types",
publisher = "Cambridge University Press",
address = "Cambridge, UK",
author = "Alonzo Church",
volume = "5",
number = "2",
pages = "56-68",
year = "1940",
month = "006",
day = "001",
journal = "Journal of Symbolic Logic"
}

@article{cayley1889,
 author = {Arthur Cayley},
 journal = {Quart. J. Pure Appl. Math.},
 number = {23},
 pages = {376-378},
 title = {A theorem on trees},
 volume = {13},
 year = {1889},
 note = {{Collected Mathematical Papers Vol. 13, Cambridge University Press 1897, 26-28.}},
}
